<?xml version="1.0" encoding="UTF-8"?><record xmlns="http://www.loc.gov/MARC21/slim" xmlns:cinclude="http://apache.org/cocoon/include/1.0" xmlns:zs="http://www.loc.gov/zing/srw/">
  <leader>00809cz  a2200145n  4500</leader>
  <controlfield tag="001">n 2005030182</controlfield>
  <controlfield tag="003">DLC</controlfield>
  <controlfield tag="005">20050426111447.0</controlfield>
  <controlfield tag="008">050425n| acannaabn          |a aaa      </controlfield>
  <datafield tag="010" ind1=" " ind2=" ">
    <subfield code="a">n 2005030182</subfield>
  </datafield>
  <datafield tag="040" ind1=" " ind2=" ">
    <subfield code="a">DLC</subfield>
    <subfield code="b">eng</subfield>
    <subfield code="c">DLC</subfield>
    <subfield code="d">DLC</subfield>
  </datafield>
  <datafield tag="100" ind1="1" ind2=" ">
    <subfield code="a">Ray, Robert,</subfield>
    <subfield code="d">1951-</subfield>
  </datafield>
  <datafield tag="400" ind1="1" ind2=" ">
    <subfield code="a">Anderson, Robert Orval,</subfield>
    <subfield code="d">1951-</subfield>
  </datafield>
  <datafield tag="400" ind1="1" ind2=" ">
    <subfield code="a">Orval, Robert,</subfield>
    <subfield code="d">1951-</subfield>
  </datafield>
  <datafield tag="670" ind1=" " ind2=" ">
    <subfield code="a">Ray, Jan. Microsoft Access for terrified teachers, c2002:</subfield>
    <subfield code="b">t.p. (Robert Ray, M.S., M.C.P., M.C.T.; Microsoft Certified Professional and Microsoft Certified Trainer) cover p. 4 (prof. of business information systems at DeVry Inst. of Technology in Atlanta, Georgia) phone call, Apr. 25, 2005 (b. Sept. 2, 1951- ; his birth name: Robert Orval Anderson, Jr. used as author of fictions [no publs. in LC]; Robert Orval, used when writing poetry [no publs. in LC])</subfield>
  </datafield>
</record>